%% This BibTeX bibliography file was created using BibDesk.
%% http://bibdesk.sourceforge.net/


%% Created for Alexander Pease at 2012-03-15 21:55:30 -0400 


%% Saved with string encoding Unicode (UTF-8) 



@article{NakamuraCoherent,
	Author = {Nakamura, Y., Pashkin, Y. A., Tsai, J. S.},
	Date-Added = {2012-03-16 01:54:09 +0000},
	Date-Modified = {2012-03-16 01:55:28 +0000},
	Journal = {Nature},
	Number = {786},
	Title = {Coherent control of macroscopic quantum states in a single-Cooper-pair box},
	Volume = {398},
	Year = {1999}}

@article{Bouchiat,
	Author = {Bouchiat, V., Vion, D., Joyez, P., Esteve, D., Devoret, M. H.},
	Date-Added = {2012-03-16 01:51:07 +0000},
	Date-Modified = {2012-03-16 01:52:20 +0000},
	Journal = {Phys. Scripta},
	Number = {165},
	Title = {Quantum coherence with a single Cooper pair},
	Volume = {T76},
	Year = {1998}}

@book{Berman,
	Author = {Berman, P.R.},
	Date-Added = {2012-03-11 19:21:52 +0000},
	Date-Modified = {2012-03-11 19:23:39 +0000},
	Publisher = {Academic Press, Inc., Boston, MA (United States)},
	Series = {Academic Press, Inc., 1250 Sixth Ave., San Diego, CA 92101-4311 (United States)},
	Title = {Cavity quantum electrodynamics},
	Year = {1994}}

@article{Schmidt:2010fk,
	Author = {S. Schmidt},
	Date-Added = {2012-03-07 21:42:29 +0000},
	Date-Modified = {2012-03-07 21:42:29 +0000},
	Doi = {10.1103/PhysRevB.82.100507},
	Journal = {Phys. Rev. B; Physical Review B},
	Number = {10},
	Title = {Nonequilibrium delocalization-localization transition of photons in circuit quantum electrodynamics"},
	Volume = {82},
	Year = {2010},
	Bdsk-Url-1 = {http://dx.doi.org/10.1103/PhysRevB.82.100507}}

@book{Pozar,
	Author = {D. M. Pozar},
	Date-Added = {2012-03-04 22:43:35 +0000},
	Date-Modified = {2012-03-04 22:44:15 +0000},
	Publisher = {Wiley},
	Title = {Microwave engineering},
	Year = {2005}}

@phdthesis{Schuster,
	Author = {David Isaac Schuster},
	Date-Added = {2012-03-04 03:22:31 +0000},
	Date-Modified = {2012-03-04 03:23:49 +0000},
	Month = {May},
	School = {Yale University},
	Title = {Circuit Quantum Electrodynamics},
	Year = {2007}}

@phdthesis{Bishop,
	Author = {Lev Samuel Bishop},
	Date-Added = {2012-03-04 03:21:33 +0000},
	Date-Modified = {2012-03-04 04:38:52 +0000},
	Keywords = {http://arxiv.org/pdf/1007.3520.pdf},
	Month = {May},
	Read = {0},
	School = {Yale University},
	Title = {Circuit Quantum Electrodynamics},
	Year = {2010}}

@article{Brune,
	Author = {M. Brune},
	Date-Added = {2012-03-04 03:13:35 +0000},
	Date-Modified = {2012-03-04 03:13:45 +0000},
	Doi = {10.1103/PhysRevLett.76.1800},
	Journal = {Phys. Rev. Lett.; Physical Review Letters},
	Number = {11},
	Pages = {1800--1803},
	Title = {Quantum Rabi Oscillation: A Direct Test of Field Quantization in a Cavity"},
	Volume = {76},
	Year = {1996},
	Bdsk-Url-1 = {http://dx.doi.org/10.1103/PhysRevLett.76.1800}}

@article{Wang,
	Author = {H. Wang},
	Date-Added = {2012-03-04 03:12:11 +0000},
	Date-Modified = {2012-03-04 03:12:26 +0000},
	Doi = {10.1103/PhysRevLett.101.240401},
	Journal = {Phys. Rev. Lett.; Physical Review Letters},
	Number = {24},
	Title = {Measurement of the Decay of Fock States in a Superconducting Quantum Circuit"},
	Volume = {101},
	Year = {2008},
	Bdsk-Url-1 = {http://dx.doi.org/10.1103/PhysRevLett.101.240401}}

@article{Hofheinz,
	Author = {M. Hofheinz, H. Wang, M. Ansmann, R. C. Bialczak, E. Lucero, M. Neeley, A. D. O'Connell, D. Sank, J. Wenner, J. M. Martinis, A. N. Cleland},
	Date-Added = {2012-03-04 03:08:31 +0000},
	Date-Modified = {2012-03-04 03:10:44 +0000},
	Journal = {Nature},
	Pages = {546-549},
	Title = {Synthesizing arbitrary quantum states in a superconducting resonator},
	Volume = {459},
	Year = {2009}}

@article{DiVincenzo,
	Author = {DiVincenzo, David P.},
	Date-Added = {2012-03-03 22:29:39 +0000},
	Date-Modified = {2012-03-03 22:30:05 +0000},
	Doi = {10.1002/1521-3978(200009)48:9/11<771::AID-PROP771>3.0.CO;2-E},
	Isbn = {1521-3978},
	Journal = {Fortschritte der Physik},
	Journal1 = {Fortschr. Phys.},
	Number = {9-11},
	Pages = {771--783},
	Publisher = {WILEY-VCH Verlag Berlin GmbH},
	Title = {The Physical Implementation of Quantum Computation},
	Ty = {JOUR},
	Url = {http://dx.doi.org/10.1002/1521-3978(200009)48:9/11<771::AID-PROP771>3.0.CO;2-E},
	Volume = {48},
	Year = {2000},
	Bdsk-Url-1 = {http://dx.doi.org/10.1002/1521-3978(200009)48:9/11%3C771::AID-PROP771%3E3.0.CO;2-E}}

@article{Hoffman:2011qf,
	Author = {A. Hoffman},
	Date-Added = {2012-02-29 20:20:40 +0000},
	Date-Modified = {2012-02-29 20:20:40 +0000},
	Doi = {10.1103/PhysRevLett.107.053602},
	Journal = {Phys. Rev. Lett.; Physical Review Letters},
	Number = {5},
	Title = {Dispersive Photon Blockade in a Superconducting Circuit"},
	Volume = {107},
	Year = {2011},
	Bdsk-Url-1 = {http://dx.doi.org/10.1103/PhysRevLett.107.053602}}

@article{Koch,
	Author = {Jens Koch and Terri M. Yu and Jay Gambetta and A. A. Houck and D. I. Schuster and J. Majer and Alexandre Blais and M. H. Devoret and S. M. Girvin and R. J. Schoelkopf},
	Date-Added = {2012-02-29 20:13:29 +0000},
	Date-Modified = {2012-02-29 20:15:48 +0000},
	Eprint = {cond-mat/0703002},
	Journal = {Phys. Rev. A},
	Pages = {042319},
	Title = {Charge insensitive qubit design derived from the Cooper pair box},
	Url = {http://arxiv.org/abs/cond-mat/0703002},
	Volume = {76},
	Year = {2007},
	Bdsk-Url-1 = {http://arxiv.org/abs/cond-mat/0703002}}

@article{HouckTransmon,
	Author = {A. A. Houck and Jens Koch and M. H. Devoret and S. M. Girvin and R. J. Schoelkopf},
	Date-Added = {2012-02-29 20:13:17 +0000},
	Date-Modified = {2012-02-29 20:16:17 +0000},
	Eprint = {0812.1865},
	Journal = {Quant. Inf. Proc.},
	Pages = {105},
	Title = {Life after charge noise: recent results with transmon qubits},
	Url = {http://arxiv.org/abs/0812.1865},
	Volume = {8},
	Year = {2009},
	Bdsk-Url-1 = {http://arxiv.org/abs/0812.1865}}

@article{SchusterResolving,
	Author = {D. I. Schuster and A. A. Houck and J. A. Schreier and A. Wallraff and J. M. Gambetta and A. Blais and L. Frunzio and B. Johnson and M. H. Devoret and S. M. Girvin and R. J. Schoelkopf},
	Date-Added = {2012-02-29 20:13:05 +0000},
	Date-Modified = {2012-02-29 20:18:04 +0000},
	Eprint = {cond-mat/0608693},
	Journal = {Nature 445, 515-518 (Feb 2007)},
	Title = {Resolving photon number states in a superconducting circuit},
	Url = {http://arxiv.org/abs/cond-mat/0608693},
	Year = {2007},
	Bdsk-Url-1 = {http://arxiv.org/abs/cond-mat/0608693}}

@article{Fink,
	Author = {J. M. Fink and M. Goeppl and M. Baur and R. Bianchetti and P. J. Leek and A. Blais and A. Wallraff},
	Date-Added = {2012-02-29 20:12:50 +0000},
	Date-Modified = {2012-02-29 20:15:58 +0000},
	Eprint = {0902.1827},
	Journal = {Nature 454, 315-318 (Jul 2008)},
	Month = {02},
	Title = {Climbing the Jaynes-Cummings Ladder and Observing its Sqrt(n) Nonlinearity in a Cavity QED System},
	Url = {http://arxiv.org/abs/0902.1827},
	Year = {2009},
	Bdsk-Url-1 = {http://arxiv.org/abs/0902.1827}}

@article{Devoret,
	Author = {M. H. Devoret and A. Wallraff and J. M. Martinis},
	Date-Added = {2012-02-29 20:12:26 +0000},
	Date-Modified = {2012-02-29 20:16:29 +0000},
	Eprint = {cond-mat/0411174},
	Title = {Superconducting Qubits: A Short Review},
	Url = {http://arxiv.org/abs/cond-mat/0411174},
	Bdsk-Url-1 = {http://arxiv.org/abs/cond-mat/0411174}}

@article{Goppl,
	Author = {M. G{\"o}ppl and A. Fragner and M. Baur and R. Bianchetti and S. Filipp and J. M. Fink and P. J. Leek and G. Puebla and L. Steffen and A. Wallraff},
	Date-Added = {2012-02-29 20:12:08 +0000},
	Date-Modified = {2012-02-29 20:16:04 +0000},
	Eprint = {0807.4094},
	Journal = {J. Appl. Phys.},
	Pages = {113904},
	Title = {Coplanar Waveguide Resonators for Circuit Quantum Electrodynamics},
	Url = {http://arxiv.org/abs/0807.4094},
	Volume = {104},
	Year = {2008},
	Bdsk-Url-1 = {http://arxiv.org/abs/0807.4094}}

@article{Blais,
	Author = {Alexandre Blais and Ren-Shou Huang and Andreas Wallraff and S. M. Girvin and R. J. Schoelkopf},
	Date-Added = {2012-02-29 20:10:33 +0000},
	Date-Modified = {2012-02-29 20:15:38 +0000},
	Eprint = {cond-mat/0402216},
	Journal = {Physical Review A},
	Pages = {062320},
	Title = {Cavity quantum electrodynamics for superconducting electrical circuits: an architecture for quantum computation},
	Url = {http://arxiv.org/abs/cond-mat/0402216},
	Volume = {69},
	Year = {2004},
	Bdsk-Url-1 = {http://arxiv.org/abs/cond-mat/0402216}}
